@bachelorsthesis{mojebp,
  author       = {Daniel Slavík},
  title        = {Lokalizace klíčových bodů pomocí neuronových sítí},
  type         = {Bakalářská práce},
  school       = {Vysoká škola báňská – Technická univerzita Ostrava},
  year         = {2024},
  note         = {Online. [cit. 2025-05-19]},
  url          = {http://hdl.handle.net/10084/153644}
}

@misc{yolov11,
      title={YOLOv11: An Overview of the Key Architectural Enhancements}, 
      author={Rahima Khanam and Muhammad Hussain},
      year={2024},
      eprint={2410.17725},
      archivePrefix={arXiv},
      primaryClass={cs.CV},
      url={https://arxiv.org/abs/2410.17725}, 
}

@misc{cvyolov11,
  author       = {Satya Mallick},
  title        = {YOLO - LearnOpenCV},
  year         = {2024},
  howpublished = {\url{https://learnopencv.com/yolo11/}},
  note         = {Online. [cit. 2025-05-19]}
}

@misc{opencv_solvepnp,
  title        = {Perspective-n-Point (PnP) pose computation},
  year         = {2025},
  howpublished = {\url{https://docs.opencv.org/4.x/d5/d1f/calib3d_solvePnP.html}},
  note         = {Online. [cit. 2025-05-19]}
}

@misc{opencv_calib,
  title        = {Camera Calibration and 3D Reconstruction},
  year         = {2025},
  howpublished = {\url{https://docs.opencv.org/4.x/d9/d0c/group__calib3d.html}},
  note         = {Online. [cit. 2025-05-19]}
}

@misc{shrestha2019pnp,
  author       = {Rashik Shrestha},
  title        = {Perspective-n-Point (PnP)},
  year         = {2023},
  month        = {9},
  url          = {https://medium.com/@rashik.shrestha/perspective-n-point-pnp-f2c7dd4ef1ed},
  note         = {Online. [cit. 2025-05-19]}
}

@misc{pnpransaclmalg,
  author       = {Abdul Haq},
  title        = {SolvePnPRANSAC and OPTIMIZATION},
  year         = {2024},
  month        = {9},
  day          = {24},
  url          = {https://medium.com/@abdulhaq.ah/solvepnpransac-and-optimization-47a0683227b1},
  note         = {Online. [cit. 2025-05-19]}
}

@misc{ultralytics_yolov8_vs_yolo11,
  author       = {Ultralytics},
  title        = {YOLOv8 vs YOLO11: A Technical Comparison},
  year         = {2024},
  url          = {https://docs.ultralytics.com/compare/yolov8-vs-yolo11/},
  note         = {Online. [cit. 2025-05-19]}
}

@misc{ultralytics_cfg_doc,
  author       = {Ultralytics},
  title        = {Configuration -- Ultralytics YOLO Docs},
  url          = {https://docs.ultralytics.com/usage/cfg/},
  note         = {Online. [cit. 2025-05-19]}
}

@misc{dutta2023oks,
  author       = {Tapas Dutta and Kunal Dawn},
  title        = {Object Keypoint Similarity in Keypoint Detection},
  year         = {2023},
  month        = {8},
  url          = {https://learnopencv.com/object-keypoint-similarity/},
  note         = {Online. [cit. 2025-05-19]}
}
